<?xml version="1.0" encoding="UTF-8"?>
<collection xmlns:xsi="http://www.w3.org/2001/XMLSchema-instance" xsi:schemaLocation="http://www.loc.gov/MARC21/slim http://www.loc.gov/standards/marcxml/schema/MARC21slim.xsd" xmlns="http://www.loc.gov/MARC21/slim">
<record>
  <leader>00687cam a22002171a 4500</leader>
  <controlfield tag="001">2686023</controlfield>
  <controlfield tag="003">NNC</controlfield>
  <controlfield tag="005">20160118123308.0</controlfield>
  <controlfield tag="008">950310s1949    ua abd        000 0 ara d</controlfield>
  <datafield tag="035" ind1=" " ind2=" ">
    <subfield code="a">(OCoLC)ocm32129293</subfield>
  </datafield>
  <datafield tag="035" ind1=" " ind2=" ">
    <subfield code="9">ARD5635CU</subfield>
  </datafield>
  <datafield tag="035" ind1=" " ind2=" ">
    <subfield code="a">(NNC)2686023</subfield>
  </datafield>
  <datafield tag="040" ind1=" " ind2=" ">
    <subfield code="a">CUY</subfield>
    <subfield code="c">CUY</subfield>
    <subfield code="d">ZCU</subfield>
  </datafield>
  <datafield tag="099" ind1=" " ind2=" ">
    <subfield code="a">962</subfield>
    <subfield code="a">F269</subfield>
  </datafield>
  <datafield tag="100" ind1="1" ind2=" ">
    <subfield code="a">ʻAbd al-Bāsiṭ, ʻAlī Fatḥī,</subfield>
    <subfield code="d">1967-</subfield>
  </datafield>
  <datafield tag="245" ind1="1" ind2="0">
    <subfield code="a">Baḥth fī ḍabṭ al-Nīl,</subfield>
    <subfield code="c">bi-qalam ʻAlī Fatḥī Bak.</subfield>
  </datafield>
  <datafield tag="260" ind1=" " ind2=" ">
    <subfield code="a">al-Iskandarīyah :</subfield>
    <subfield code="b">Maṭbaʻat Ramsīs,</subfield>
    <subfield code="c">1949.</subfield>
  </datafield>
  <datafield tag="300" ind1=" " ind2=" ">
    <subfield code="a">52 p.</subfield>
    <subfield code="b">fold. map, charts, tables.</subfield>
  </datafield>
  <datafield tag="651" ind1=" " ind2="0">
    <subfield code="a">Nile River</subfield>
    <subfield code="v">Surveys.</subfield>
  </datafield>
  <datafield tag="710" ind1="2" ind2=" ">
    <subfield code="a">Jāmiʻat Fārūq al-Awwal.</subfield>
    <subfield code="b">Kullīyat al-Handasah.</subfield>
  </datafield>
  <datafield tag="955" ind1=" " ind2=" ">
    <subfield code="b">0026812274</subfield>
    <subfield code="d">glx</subfield>
    <subfield code="e">962 F269</subfield>
  </datafield>
</record>
</collection>